@inproceedings{schaffer1989,
    author = {Schaffer, J. David and Caruana, Richard A. and Eshelman, Larry J. and Das, Rajarshi},
    title = {A Study of Control Parameters Affecting Online Performance of Genetic Algorithms for Function Optimization},
    booktitle = {Proceedings of the Third International Conference on Genetic Algorithms},
    year = {1989},
    isbn = {1-55860-006-3},
    location = {George Mason University, USA},
    pages = {51--60},
    numpages = {10},
    acmid = {93145},
    publisher = {Morgan Kaufmann Publishers Inc.},
    address = {San Francisco, CA, USA}
}

@phdthesis{dejong1975,
    author = {De Jong, Kenneth Alan},
    title = {An Analysis of the Behavior of a Class of Genetic Adaptive Systems},
    year = {1975},
    note = {AAI7609381},
    publisher = {University of Michigan},
    address = {Ann Arbor, MI, USA}
}

@book{mitchell1996,
    author = {Mitchell, Melanie},
    title = {An Introduction to Genetic Algorithms},
    year = {1996},
    isbn = {0-262-13316-4},
    publisher = {MIT Press},
    address = {Cambridge, MA, USA},
}

@book{eiben2003,
    author = {Eiben, Agoston E. and Smith, J. E.},
    title = {Introduction to Evolutionary Computing},
    year = {2003},
    isbn = {3540401849},
    publisher = {SpringerVerlag}
} 

@article{fortin2012, 
    author = "F\'elix-Antoine Fortin and Fran\c{c}ois-Michel {De Rainville} and Marc-Andr\'e Gardner and Marc Parizeau and Christian Gagn\'e",
    title = {{DEAP}: Evolutionary Algorithms Made Easy},
    pages = {2171--2175},
    volume = {13},
    month = {jul},
    year = {2012},
    journal = {Journal of Machine Learning Research}
}
