@inproceedings{dejong1989,
    author = {De Jong, Kenneth A. and Spears, William M.},
    title = {Using Genetic Algorithms to Solve NP-complete Problems},
    booktitle = {Proceedings of the Third International Conference on Genetic Algorithms},
    year = {1989},
    isbn = {1-55860-006-3},
    location = {George Mason University, USA},
    pages = {124--132},
    numpages = {9},
    acmid = {93172},
    publisher = {Morgan Kaufmann Publishers Inc.},
    address = {San Francisco, CA, USA},
}

@phdthesis{ellerweg2004,
    author = {Henning Ellerweg},
    title = {A Study of Evolutionary Algorithms for the Satisfiability Problem},
    address = {Paderborn},
    year = {2004},
    school = {Fakult\"{a}t f\"{u}r Elektrotechnik, Mathematik und Informatik, Universit\"{a}t Paderborn},
    type = {Student research project},
}

@article{gottlieb2002,
    author = {Gottlieb, Jens and Marchiori, Elena and Rossi, Claudio},
    title = {Evolutionary Algorithms for the Satisfiability Problem},
    journal = {Evolutionary Computation},
    issue_date = {Spring 2002},
    volume = {10},
    number = {1},
    month = mar,
    year = {2002},
    issn = {1063-6560},
    pages = {35--50},
    numpages = {16},
    url = {http://dx.doi.org/10.1162/106365602317301763},
    acmid = {638550},
    publisher = {MIT Press},
    address = {Cambridge, MA, USA},
}

@inproceedings{hoos2000,
    author = {Holger H. Hoos and Thomas St√ºtzle},
    title = {{SATLIB}: An Online Resource for Research on {SAT}},
    booktitle = {},
    year = {2000},
    pages = {283--292},
    publisher = {IOS Press},
    url = {http://www.cs.ubc.ca/~hoos/SATLIB/benchm.html},
    note = {Accessed: 2018-01-09}
}

@inproceedings{cook1971,
    author = {Cook, Stephen A.},
    title = {The Complexity of Theorem-proving Procedures},
    booktitle = {Proceedings of the Third Annual ACM Symposium on Theory of Computing},
    series = {STOC '71},
    year = {1971},
    location = {Shaker Heights, Ohio, USA},
    pages = {151--158},
    numpages = {8},
    url = {http://doi.acm.org/10.1145/800157.805047},
    doi = {10.1145/800157.805047},
    acmid = {805047},
    publisher = {ACM},
    address = {New York, NY, USA},
}

@article{selman1996,
    title={Generating Hard Satisfiability Problems},
    author={Bart Selman and David G. Mitchell and Hector J. Levesque},
    journal={Artifcial Intelligence},
    year={1996},
    volume={81},
    pages={17-29}
}

@inproceedings{schaffer1989,
    author = {Schaffer, J. David and Caruana, Richard A. and Eshelman, Larry J. and Das, Rajarshi},
    title = {A Study of Control Parameters Affecting Online Performance of Genetic Algorithms for Function Optimization},
    booktitle = {Proceedings of the Third International Conference on Genetic Algorithms},
    year = {1989},
    isbn = {1-55860-006-3},
    location = {George Mason University, USA},
    pages = {51--60},
    numpages = {10},
    acmid = {93145},
    publisher = {Morgan Kaufmann Publishers Inc.},
    address = {San Francisco, CA, USA}
}

@phdthesis{dejong1975,
    author = {De Jong, Kenneth Alan},
    title = {An Analysis of the Behavior of a Class of Genetic Adaptive Systems},
    year = {1975},
    note = {AAI7609381},
    publisher = {University of Michigan},
    address = {Ann Arbor, MI, USA}
}

@book{mitchell1996,
    author = {Mitchell, Melanie},
    title = {An Introduction to Genetic Algorithms},
    year = {1996},
    isbn = {0-262-13316-4},
    publisher = {MIT Press},
    address = {Cambridge, MA, USA},
}

@book{eiben2003,
    author = {Eiben, Agoston E. and Smith, J. E.},
    title = {Introduction to Evolutionary Computing},
    year = {2003},
    isbn = {3540401849},
    publisher = {SpringerVerlag}
} 

@article{fortin2012, 
    author = "F\'elix-Antoine Fortin and Fran\c{c}ois-Michel {De Rainville} and Marc-Andr\'e Gardner and Marc Parizeau and Christian Gagn\'e",
    title = {{DEAP}: Evolutionary Algorithms Made Easy},
    pages = {2171--2175},
    volume = {13},
    month = {jul},
    year = {2012},
    journal = {Journal of Machine Learning Research}
}
